<record xmlns="http://www.loc.gov/MARC21/slim" xmlns:xsi="http://www.w3.org/2001/XMLSchema-instance" xsi:schemaLocation="http://www.loc.gov/MARC21/slim http://www.loc.gov/standards/marcxml/schema/MARC21slim.xsd">

  <leader>00594nam a2200193Ia 4500</leader>
  <datafield tag="999" ind2=" " ind1=" ">
    <subfield code="c">295</subfield>
    <subfield code="d">295</subfield>
  </datafield>
  <controlfield tag="008">151104b1992    b  ||||| |||| 00| | spa d</controlfield>
  <datafield tag="020" ind2=" " ind1=" ">
    <subfield code="a">8532304125</subfield>
  </datafield>
  <datafield ind1=" " ind2=" " tag="090">
    <subfield code="a">05.03.02 </subfield>
    <subfield code="b">1923</subfield>
  </datafield>
  <datafield ind1="1" tag="100" ind2=" ">
    <subfield code="a">La Taille, Yves</subfield>
    <subfield code="9">1156</subfield>
  </datafield>
  <datafield ind2="0" tag="245" ind1="1">
    <subfield code="a">Piaget, Vygotsky, Wallon: teorías psicogenéticas en discussao / </subfield>
    <subfield code="c">Yves La Taille</subfield>
  </datafield>
  <datafield tag="260" ind2=" " ind1=" ">
    <subfield code="a">Sao Paulo : </subfield>
    <subfield code="b">Summus editorial, </subfield>
    <subfield code="c">1992</subfield>
  </datafield>
  <datafield ind2=" " tag="300" ind1=" ">
    <subfield code="a">117 páginas</subfield>
  </datafield>
  <datafield ind1="1" ind2="4" tag="600">
    <subfield code="9">906</subfield>
    <subfield code="a">VYGOTSKY, LEV SEMIONOVICH </subfield>
  </datafield>
  <datafield ind2="4" tag="600" ind1="1">
    <subfield code="9">2113</subfield>
    <subfield code="a">PIAGET, JEAN</subfield>
  </datafield>
  <datafield ind1="1" ind2="4" tag="600">
    <subfield code="9">2361</subfield>
    <subfield code="a">WALLON, HENRI</subfield>
  </datafield>
  <datafield ind2="4" tag="650" ind1="1">
    <subfield code="a">COMPORTAMIENTO</subfield>
    <subfield code="9">298</subfield>
  </datafield>
  <datafield tag="650" ind2="4" ind1="1">
    <subfield code="a">PSICOLOGÍA</subfield>
    <subfield code="9">657</subfield>
  </datafield>
  <datafield tag="942" ind2=" " ind1=" ">
    <subfield code="2">z</subfield>
    <subfield code="c">01</subfield>
  </datafield>
</record>